@book{Bertone:2010zza,
      author         = "J. Silk and others",
      editor         = "Bertone, Gianfranco",
      title          = "{Particle Dark Matter: Observations, Models and
                        Searches}",
      url            = "http://www.cambridge.org/uk/catalogue/catalogue.asp?isbn=9780521763684",
      journal        = "Cambridge, UK: Univ. Pr. (2010) 738 p",
      year           = "2010",
      ISBN           = "9781107653924",
}

@article{Ellis:1988nb,
      author         = "Ellis, John R. and others", 
      title          = "{Rates for Inelastic Nuclear Excitation by Dark Matter
                        Particles}",
      journal        = "Phys. Lett.",
      volume         = "B212",
      year           = "1988",
      pages          = "375",
}

@article{Uchida:2014cnn,
      author         = "Uchida, H. and others",
      title          = "{Search for inelastic WIMP nucleus scattering on
                        $^{129}Xe$ in data from the XMASS-I experiment}",
      collaboration  = "XMASS-I",
      journal        = "PTEP",
      volume         = "2014",
      year           = "2014",
      number         = "6",
      pages          = "063C01",
}

@article{Aprile:2011dd,
      author         = "Aprile, E. and others",
      title          = "{The XENON100 Dark Matter Experiment}",
      collaboration  = "XENON100",
      journal        = "Astropart. Phys.",
      volume         = "35",
      year           = "2012",
      pages          = "573",
}

@article{Aprile:2013tov,
      author         = "Aprile, E. and others",
      title          = "{The neutron background of the XENON100 dark matter
                        search experiment}",
      collaboration  = "XENON100",
      journal        = "J. Phys.",
      volume         = "G40",
      year           = "2013",
      pages          = "115201",
}

@article{Aprile:2011vb,
      author         = "Aprile, E. and others",
      title          = "{Study of the electromagnetic background in the XENON100
                        experiment}",
      collaboration  = "XENON100",
      journal        = "Phys. Rev.",
      volume         = "D83",
      year           = "2011",
      pages          = "082001",
      doi            = "10.1103/PhysRevD.83.082001, 10.1103/PhysRevD.85.029904",
      note           = "[Erratum: Phys. Rev.D85,029904(2012)]",
}

@article{Aprile:2012vw,
      author         = "Aprile, E. and others",
      title          = "{Analysis of the XENON100 Dark Matter Search Data}",
      collaboration  = "XENON100",
      journal        = "Astropart. Phys.",
      volume         = "54",
      year           = "2014",
      pages          = "11",
}


@article{Aprile:2017yea,
      author         = "Aprile, E. and others",
      title          = "{Search for Electronic Recoil Event Rate Modulation with
                        4 Years of XENON100 Data}",
      collaboration  = "XENON",
      journal        = "Phys. Rev. Lett.",
      volume         = "118",
      year           = "2017",
      number         = "10",
      pages          = "101101",
}



@article{Aprile:2014eoa,
      author         = "Aprile, E. and others",
      title          = "{First Axion Results from the XENON100 Experiment}",
      collaboration  = "XENON100",
      journal        = "Phys. Rev.",
      volume         = "D90",
      pages          = "062009",
      year           = "2014",
}


@article{Undagoitia:2015gya,
      author         = "Marrodan Undagoitia, T. and Rauch, L.",
      title          = "{Dark matter direct-detection experiments}",
      journal        = "J. Phys.",
      volume         = "G43",
      year           = "2016",
      number         = "1",
      pages          = "013001",
}


@article{Baudis:2016qwx,
      author         = "Baudis, L.",
      title          = "{Dark matter detection}",
      journal        = "J. Phys.",
      volume         = "G43",
      year           = "2016",
      number         = "4",
      pages          = "044001",
}

@article{Baudis:2015mpa,
      author         = "Baudis, L.",
      title          = "{Dark matter searches}",
      journal        = "Annalen Phys.",
      volume         = "528",
      year           = "2016",
      pages          = "74",
}

@article{Baudis:2012ig,
      author         = "Baudis, L.",
      title          = "{Direct dark matter detection: the next decade}",
      journal        = "Phys. Dark Univ.",
      volume         = "1",
      pages          = "94",
      year           = "2012",
}

@article{Aprile:2015ibr,
      author         = "Aprile, E. and others",
      title          = "{Search for Event Rate Modulation in XENON100 Electronic
                        Recoil Data}",
      collaboration  = "XENON100",
      journal        = "Phys. Rev. Lett.",
      volume         = "115",
      year           = "2015",
      number         = "9",
      pages          = "091302",
}

@article{Aprile:2015ade,
      author         = "Aprile, E. and others",
      title          = "{Exclusion of Leptophilic Dark Matter Models using
                        XENON100 Electronic Recoil Data}",
      collaboration  = "XENON100",
      journal        = "Science",
      volume         = "349",
      year           = "2015",
      number         = "6250",
      pages          = "851",
}

@article{Aprile:2013doa,
      author         = "Aprile, E. and others",
      title          = "{Limits on spin-dependent WIMP-nucleon cross sections
                        from 225 live days of XENON100 data}",
      collaboration  = "XENON100",
      journal        = "Phys. Rev. Lett.",
      volume         = "111",
      year           = "2013",
      number         = "2",
      pages          = "021301",
}

@article{Aprile:2012nq,
      author         = "Aprile, E. and others",
      title          = "{Dark Matter Results from 225 Live Days of XENON100
                        Data}",
      collaboration  = "XENON100",
      journal        = "Phys. Rev. Lett.",
      volume         = "109",
      year           = "2012",
      pages          = "181301",
}

@article{Akerib:2016lao,
      author         = "Akerib, D. S. and others",
      title          = "{Results on the Spin-Dependent Scattering of Weakly
                        Interacting Massive Particles on Nucleons from the Run 3
                        Data of the LUX Experiment}",
      collaboration  = "LUX",
      journal        = "Phys. Rev. Lett.",
      volume         = "116",
      year           = "2016",
      number         = "16",
      pages          = "161302",
}

@article{NEST,
  author="Szydagis, M. and others",
  title="{Enhancement of NEST capabilities for simulating low-energy recoils in liquid xenon}",
  journal="Journal of Instrumentation",
  volume="8",
  number="10",
  pages="C10003",
  url="http://stacks.iop.org/1748-0221/8/i=10/a=C10003",
  year="2013"
}
@article{Geant1,
      author         = "Allison, J. and others",
      title          = "{Geant4 developments and applications}",
      journal        = "IEEE Trans. Nucl. Sci.",
      volume         = "53",
      year           = "2006",
      pages          = "270",
}
@article{Geant2,
      author         = "Agostinelli, S. and others",
      title          = "{GEANT4: A Simulation toolkit}",
      collaboration  = "GEANT4",
      journal        = "Nucl. Instrum. Meth.",
      volume         = "A506",
      year           = "2003",
      pages          = "250",
}


@article{Aprile:2016swn,
      author         = "Aprile, E. and others",
      title          = "{XENON100 Dark Matter Results from a Combination of 477
                        Live Days}",
      collaboration  = "XENON100",
      journal        = "Phys. Rev.",
      volume         = "D94",
      year           = "2016",
      number         = "12",
      pages          = "122001",
}

@article{Bernabei:2012in,
      author         = "Bernabei, R. and others",
      title          = "{Dark matter particles in the galactic halo: DAMA/LIBRA
                        results and perspectives}",
      journal        = "Annalen Phys.",
      volume         = "524",
      year           = "2012",
      pages          = "497",
}
  	
@article{SingleE,
  author= "Aprile, E. and others",
  title="{Observation and applications of single-electron charge signals in the XENON100 experiment}",
  journal="J. Phys.",
  volume="G41",
  number="3",
  pages="035201",
  url="http://stacks.iop.org/0954-3899/41/i=3/a=035201",
  year="2014"
}

@article{Baudis:2013bba,
      author         = "Baudis, L. and others", 
      title          = "{Signatures of Dark Matter Scattering Inelastically Off
                        Nuclei}",
      journal        = "Phys. Rev.",
      volume         = "D88",
      year           = "2013",
      number         = "11",
      pages          = "115014",
}

@article{ScintQuenching,
      author         = "Aprile, E. and others", 
      title          = "{Simultaneous measurement of ionization and scintillation
                        from nuclear recoils in liquid xenon as target for a dark
                        matter experiment}",
      journal        = "Phys. Rev. Lett.",
      volume         = "97",
      year           = "2006",
      pages          = "081302",
}

@article{run8Result,
      author         = "Aprile, E. and others",
      title          = "{Dark Matter Results from 100 Live Days of XENON100
                        Data}",
      collaboration  = "XENON100",
      journal        = "Phys. Rev. Lett.",
      volume         = "107",
      year           = "2011",
      pages          = "131302",
}

@article{QY,
      author         = "Aprile, E. and others",
      title          = "{Response of the XENON100 Dark Matter Detector to Nuclear
                        Recoils}",
      collaboration  = "XENON100",
      journal        = "Phys. Rev.",
      volume         = "D88",
      year           = "2013",
      pages          = "012006",
}

@article{asympt,
      author         = "Cowan, G. and others", 
      title          = "{Asymptotic formulae for likelihood-based tests of new
                        physics}",
      journal        = "Eur. Phys. J.",
      volume         = "C71",
      year           = "2011",
      pages          = "1554",
      note           = "[Erratum: Eur. Phys. J.C73,2501(2013)]",
}

@inproceedings{cls,
      author         = "Read, Alexander L.",
      title          = "{Modified frequentist analysis of search results (The
                        CL(s) method)}",
      booktitle      = "{Workshop on confidence limits, CERN, Geneva,
                        Switzerland, 17-18 Jan 2000: Proceedings}",
      url            = "http://weblib.cern.ch/abstract?CERN-OPEN-2000-205",
      year           = "2000",
      pages          = "81",
      reportNumber   = "CERN-OPEN-2000-205",
}

@article{roostat,
      author         = "Moneta, L. and others",
      title          = "{The RooStats Project}",
      booktitle      = "{Proceedings, 13th International Workshop on Advanced
                        computing and analysis techniques in physics research
                        (ACAT2010): Jaipur, India, February 22-27, 2010}",
      journal        = "PoS",
      volume         = "ACAT2010",
      year           = "2010",
      pages          = "057",
}

@article{roofit,
      author         = "Verkerke, W. and Kirkby, D. P.",
      title          = "{The RooFit toolkit for data modeling}",
      booktitle      = "{Statistical Problems in Particle Physics, Astrophysics
                        and Cosmology (PHYSTAT 05): Proceedings, Oxford, UK,
                        September 12-15, 2005}",
      journal        = "eConf",
      volume         = "C0303241",
      year           = "2003",
      pages          = "MOLT007",
}

@article{Aalbers:2016jon,
      author         = "Aalbers, J. and others",
      title          = "{DARWIN: towards the ultimate dark matter detector}",
      collaboration  = "DARWIN",
      journal        = "JCAP",
      volume         = "1611",
      year           = "2016",
      number         = "11",
      pages          = "017",
}

@article{Aprile:2015uzo,
      author         = "Aprile, E. and others",
      title          = "{Physics reach of the XENON1T dark matter experiment}",
      collaboration  = "XENON",
      journal        = "JCAP",
      volume         = "1604",
      year           = "2016",
      number         = "04",
      pages          = "027",
}

@article{Baudis:2013qla,
      author         = "Baudis, L. and others", 
      title          = "{Neutrino physics with multi-ton scale liquid xenon
                        detectors}",
      journal        = "JCAP",
      volume         = "1401",
      year           = "2014",
      pages          = "044",
}

@article{Akerib:2015cja,
      author         = "Akerib, D. S. and others",
      title          = "{LUX-ZEPLIN (LZ) Conceptual Design Report}",
      collaboration  = "LZ",
      year           = "2015",
      journal        ="arXiv physics.ins-det/1509.02910",
}

@article{McCabe:2016aof,
      author         = "McCabe, C.",
      title          = "{An exciting prospect: detecting inelastic transitions of
                        xenon caused by dark matter}",
      booktitle      = "{Proceedings, 14th International Conference on Topics in
                        Astroparticle and Underground Physics (TAUP 2015): Torino,
                        Italy, September 7-11, 2015}",
      journal        = "J. Phys. Conf. Ser.",
      volume         = "718",
      year           = "2016",
      number         = "4",
      pages          = "042038",
      doi            = "10.1088/1742-6596/718/4/042038",
}


@article{Smith:2006ym,
      author         = "Smith, M. C. and others",
      title          = "{The RAVE Survey: Constraining the Local Galactic Escape
                        Speed}",
      journal        = "Mon. Not. Roy. Astron. Soc.",
      volume         = "379",
      year           = "2007",
      pages          = "755",
      doi            = "10.1111/j.1365-2966.2007.11964.x",
}

